<?xml version="1.0" encoding="UTF-8"?><collection xmlns="http://www.loc.gov/MARC21/slim"><record><leader>00470nam--2200169-u-4500</leader><controlfield tag="001">000055626</controlfield><controlfield tag="002">20161230</controlfield><controlfield tag="005">20161230201052</controlfield><controlfield tag="008">130305s1000------------r-----000-0-eng-d</controlfield><datafield ind1=" " ind2=" " tag="040"><subfield code="a">IFIN-HH</subfield></datafield><datafield ind1=" " ind2=" " tag="080"><subfield code="a">62(038)=82=590:801.323.2=82=590</subfield></datafield><datafield ind1="1" ind2=" " tag="110"><subfield code="a">Editura Tehnica</subfield></datafield><datafield ind1="1" ind2="0" tag="245"><subfield code="a">Dictionar tehnic rus-roman</subfield><subfield code="b">Russko-ruminskii tehniceskii slovari</subfield></datafield><datafield ind1=" " ind2=" " tag="260"><subfield code="a">Buuresti</subfield><subfield code="b">Editura Tehnica</subfield><subfield code="c">1956</subfield></datafield><datafield ind1=" " ind2=" " tag="300"><subfield code="a">1165P</subfield></datafield><datafield ind1=" " ind2=" " tag="852"><subfield code="a">D.618</subfield><subfield code="c">SLCH</subfield></datafield><datafield ind1=" " ind2=" " tag="CAT"><subfield code="a">Sys</subfield><subfield code="c">20130305</subfield><subfield code="h">133046</subfield></datafield></record></collection>